@BOOK{krilova,
author = "Крылова Г.Д.",
title = "Основы стандартизации, сертификации, метрологии: учебник для вузов",
address = "М.",
publisher = "ЮНИТИ-ДАНА",
year = 2012,
numpages = 671,
language = "russian"
}

@BOOK{micromake,
author = "Клочков В.И.",
title = "МЕТРОЛОГИЯ, СТАНДАРТИЗАЦИЯ И СЕРТИФИКАЦИЯ. М.:Учебное пособие",
puglisher = "ВЛАДОС",
year = 2010,
numpages = 398,
language = "russian"
}

@MISC{bogomol,
	title = "Проблемы обеспечения единства измерений, Богомолов Ю.А.",
	note = "Ежегодный Международный семинар ''НЕПРЕРЫВНОЕ СОВЕРШЕНСТВОВАНИЕ ДЕЯТЕЛЬНОСТИ ОРГАНИЗАЦИЙ'', 2009"
}

@MISC{agafon,
	title = "Современные проблемы российской метрологии, Агафонова О.В.",
	note = "Текст научной статьи по специальности «Общие и комплексные проблемы естественных и точных наук», 2012 год"
}

@MISC{wiki,
title = "Законодательная метрология // ВикипедиЯ",
note = "Дата обращения: 02.03.2018. URL: https://ru.wikipedia.org/wiki/Законодательная\_метрология"
}

@MISC{rmg29,
title = "ГСИ. Метрология. Основные термины и определения от 01.01.2001"
}

@MISC{const,
title = "Конституция Российской Федерации от 12.12.1993 г. (в ред. от 30.12.2014 г.)"
}

@MISC{federal,
title = "Федеральный закон от 26 июня 2008 г. N 102-ФЗ <<Об обеспечении единства измерений>>"
}

@MISC{metrob1,
	TITLE = "Нормативно правовые основы метрологии // METROB.RU",
	NOTE = "Дата обращения: 1.03.2018. URL: http://metrob.ru/html/metrology/NPosnovi.html"
}

@MISC{metrob2,
	TITLE = "Правовое регулирование метрологической деятельности // METROB.RU",
	NOTE = " Дата обращения: 1.03.2018. URL: http://metrob.ru/html/zak/regulir.html"
}

@MISC{hist,
	TITLE = "Краткая история развития метрологии, стандартизации и сертификации",
	NOTE = "Дата обращения: 1.03.2018. URL: https://superinf.ru/view\_helpstud.php?id=192"
}
